% Encoding: UTF-8

@Book{shumway2017time,
  title     = {Time Series Analysis and Its Applications},
  publisher = {Springer International Publishing},
  year      = {2017},
  author    = {Robert H. Shumway and David S. Stoffer},
  doi       = {10.1007/978-3-319-52452-8},
}

@Book{metcalfe2009introductory,
  title     = {Introductory Time Series with R},
  publisher = {Springer New York},
  year      = {2009},
  author    = {Andrew V. Metcalfe and Paul S.P. Cowpertwait},
  doi       = {10.1007/978-0-387-88698-5},
}

@Book{hyndman2018forecasting,
  title  = {Forecasting: Principles and Practice},
  year   = {2018},
  author = {Hyndman, Rob J and Athanasopoulos, George},
  url    = {https://otexts.org/fpp2/},
}

@Book{hamilton1994time,
  title     = {Time Series Analysis},
  publisher = {Princeton University Press},
  year      = {1994},
  author    = {Hamilton, James D},
}

@Book{brockwell2016introduction,
  title     = {Introduction to Time Series and Forecasting},
  publisher = {Springer International Publishing},
  year      = {2016},
  author    = {Peter J. Brockwell and Richard A. Davis},
  doi       = {10.1007/978-3-319-29854-2},
}

@Book{cryer2008time,
  title     = {Time Series Analysis},
  publisher = {Springer New York},
  year      = {2008},
  author    = {Jonathan D. Cryer and Kung-Sik Chan},
  doi       = {10.1007/978-0-387-75959-3},
}

@Book{tsay2010analysis,
  title     = {Analysis of Financial Time Series},
  publisher = {John Wiley {\&} Sons, Inc.},
  year      = {2010},
  author    = {Ruey S. Tsay},
  doi       = {10.1002/9780470644560},
}

@Book{pena2010analisis,
  title     = {An{\'a}lisis de series temporales},
  publisher = {Alianza},
  year      = {2010},
  author    = {Pe{\~n}a, Daniel},
}

@Book{gelman2014bayesian,
  title         = {Bayesian Data Analysis},
  publisher     = {CRC press Boca Raton, FL},
  year          = {2014},
  author        = {Gelman, Andrew and Carlin, John B and Stern, Hal S and Dunson, David B and Vehtari, Aki and Rubin, Donald B},
  volume        = {2},
  __markedentry = {[Bebop:6]},
}

@Book{hyndman2008forecasting,
  title     = {Forecasting with Exponential Smoothing},
  publisher = {Springer Berlin Heidelberg},
  year      = {2008},
  author    = {Rob Hyndman and Anne Koehler and Keith Ord and Ralph Snyder},
  doi       = {10.1007/978-3-540-71918-2},
}

@Book{campagnoli2009dynamic,
  title     = {Dynamic Linear Models with R},
  publisher = {Springer New York},
  year      = {2009},
  author    = {Patrizia Campagnoli and Sonia Petrone and Giovanni Petris},
  doi       = {10.1007/b135794},
}

@Article{chen1993joint,
  author    = {Chung Chen and Lon-Mu Liu},
  title     = {Joint Estimation of Model Parameters and Outlier Effects in Time Series},
  journal   = {Journal of the American Statistical Association},
  year      = {1993},
  volume    = {88},
  number    = {421},
  pages     = {284},
  month     = {mar},
  doi       = {10.2307/2290724},
  publisher = {{JSTOR}},
}

@Comment{jabref-meta: databaseType:bibtex;}
